@article{ex,
	title={Example},
	author={Charlie Li},
	journal={Beijing Institute of Technology},
	pages={Z1},
	year={2020}
}